
IEEEexample.bib 
V1.12 (2007/01/11)
Copyright (c) 2002-2007 by Michael Shell
See: http://www.michaelshell.org/
for current contact information.

This is an example BibTeX database for the official IEEEtran.bst
BibTeX style file.

Some entries call strings that are defined in the IEEEabrv.bib file.
Therefore, IEEEabrv.bib should be loaded prior to this file. 
Usage: 

\bibliographystyle{./IEEEtran}
\bibliography{./IEEEabrv,./IEEEexample}


Support sites:
http://www.michaelshell.org/tex/ieeetran/
http://www.ctan.org/tex-archive/macros/latex/contrib/IEEEtran/
and/or
http://www.ieee.org/

*************************************************************************
Legal Notice:
This code is offered as-is without any warranty either expressed or
implied; without even the implied warranty of MERCHANTABILITY or
FITNESS FOR A PARTICULAR PURPOSE! 
User assumes all risk.
In no event shall IEEE or any contributor to this code be liable for
any damages or losses, including, but not limited to, incidental,
consequential, or any other damages, resulting from the use or misuse
of any information contained here.

All comments are the opinions of their respective authors and are not
necessarily endorsed by the IEEE.

This work is distributed under the LaTeX Project Public License (LPPL)
( http://www.latex-project.org/ ) version 1.3, and may be freely used,
distributed and modified. A copy of the LPPL, version 1.3, is included
in the base LaTeX documentation of all distributions of LaTeX released
2003/12/01 or later.
Retain all contribution notices and credits.
** Modified files should be clearly indicated as such, including  **
** renaming them and changing author support contact information. **

File list of work: IEEEabrv.bib, IEEEfull.bib, IEEEexample.bib,
                   IEEEtran.bst, IEEEtranS.bst, IEEEtranSA.bst,
                   IEEEtranN.bst, IEEEtranSN.bst, IEEEtran_bst_HOWTO.pdf
*************************************************************************


Note that, because the example references were taken from actual IEEE
publications, these examples do not always contain the full amount
of information that may be desirable (for use with other BibTeX styles).
In particular, full names (not abbreviated with initials) should be
entered whenever possible as some (non-IEEE) bibliography styles use
full names. IEEEtran.bst will automatically abbreviate when it encounters
full names.
 
 
 
 
 
 
@inproceedings{svellingen2006automatic,
  title={Automatic species recognition, length measurement and weight determination, using the CatchMeter computer vision system},
  author={Svellingen, Cato and Totland, Bj{\o}rn and White, Darren and {\O}vredal, Jan Tore},
  year={2006},
  organization={ICES}
} 

@article{white2006automated,
  title={Automated measurement of species and length of fish by computer vision},
  author={White, DJ and Svellingen, C and Strachan, NJC},
  journal={Fisheries Research},
  volume={80},
  number={2},
  pages={203--210},
  year={2006},
  publisher={Elsevier}
}

@inproceedings{spampinato2010automatic,
  title={Automatic fish classification for underwater species behavior understanding},
  author={Spampinato, Concetto and Giordano, Daniela and Di Salvo, Roberto and Chen-Burger, Yun-Heh Jessica and Fisher, Robert Bob and Nadarajan, Gayathri},
  booktitle={Proceedings of the first ACM international workshop on Analysis and retrieval of tracked events and motion in imagery streams},
  pages={45--50},
  year={2010},
  organization={ACM}
}

@article{ravanbakhsh2015automated,
  title={Automated Fish Detection in Underwater Images Using Shape-Based Level Sets},
  author={Ravanbakhsh, Mehdi and Shortis, Mark R and Shafait, Faisal and Mian, Ajmal and Harvey, Euan S and Seager, James W},
  journal={The Photogrammetric Record},
  volume={30},
  number={149},
  pages={46--62},
  year={2015},
  publisher={Wiley Online Library}
}

@inproceedings{deng2009imagenet,
  title={Imagenet: A large-scale hierarchical image database},
  author={Deng, Jia and Dong, Wei and Socher, Richard and Li, Li-Jia and Li, Kai and Fei-Fei, Li},
  booktitle={Computer Vision and Pattern Recognition, 2009. CVPR 2009. IEEE Conference on},
  pages={248--255},
  year={2009},
  organization={IEEE}
}

@inproceedings{lin2014microsoft,
  title={Microsoft coco: Common objects in context},
  author={Lin, Tsung-Yi and Maire, Michael and Belongie, Serge and Hays, James and Perona, Pietro and Ramanan, Deva and Doll{\'a}r, Piotr and Zitnick, C Lawrence},
  booktitle={European conference on computer vision},
  pages={740--755},
  year={2014},
  organization={Springer}
}

@inproceedings{liu2016ssd,
  title={Ssd: Single shot multibox detector},
  author={Liu, Wei and Anguelov, Dragomir and Erhan, Dumitru and Szegedy, Christian and Reed, Scott and Fu, Cheng-Yang and Berg, Alexander C},
  booktitle={European conference on computer vision},
  pages={21--37},
  year={2016},
  organization={Springer}
}

@article{redmon2016yolo9000,
  title={YOLO9000: better, faster, stronger},
  author={Redmon, Joseph and Farhadi, Ali},
  journal={arXiv preprint arXiv:1612.08242},
  year={2016}
}

@inproceedings{kazemi2014one,
  title={One millisecond face alignment with an ensemble of regression trees},
  author={Kazemi, Vahid and Sullivan, Josephine},
  booktitle={Proceedings of the IEEE Conference on Computer Vision and Pattern Recognition},
  pages={1867--1874},
  year={2014}
}

@inproceedings{ren2014face,
  title={Face alignment at 3000 fps via regressing local binary features},
  author={Ren, Shaoqing and Cao, Xudong and Wei, Yichen and Sun, Jian},
  booktitle={Proceedings of the IEEE Conference on Computer Vision and Pattern Recognition},
  pages={1685--1692},
  year={2014}
}

@article{cao2014face,
  title={Face alignment by explicit shape regression},
  author={Cao, Xudong and Wei, Yichen and Wen, Fang and Sun, Jian},
  journal={International Journal of Computer Vision},
  volume={107},
  number={2},
  pages={177--190},
  year={2014},
  publisher={Springer}
}

@inproceedings{gavves2013fine,
  title={Fine-grained categorization by alignments},
  author={Gavves, Efstratios and Fernando, Basura and Snoek, Cees GM and Smeulders, Arnold WM and Tuytelaars, Tinne},
  booktitle={Proceedings of the IEEE International Conference on Computer Vision},
  pages={1713--1720},
  year={2013}
}

@inproceedings{krause2015fine,
  title={Fine-grained recognition without part annotations},
  author={Krause, Jonathan and Jin, Hailin and Yang, Jianchao and Fei-Fei, Li},
  booktitle={Proceedings of the IEEE Conference on Computer Vision and Pattern Recognition},
  pages={5546--5555},
  year={2015}
}

@inproceedings{toshev2014deeppose,
  title={Deeppose: Human pose estimation via deep neural networks},
  author={Toshev, Alexander and Szegedy, Christian},
  booktitle={Proceedings of the IEEE Conference on Computer Vision and Pattern Recognition},
  pages={1653--1660},
  year={2014}
}

@article{simonyan2014very,
  title={Very deep convolutional networks for large-scale image recognition},
  author={Simonyan, Karen and Zisserman, Andrew},
  journal={arXiv preprint arXiv:1409.1556},
  year={2014}
}

@article{lin2017focal,
  title={Focal Loss for Dense Object Detection},
  author={Lin, Tsung-Yi and Goyal, Priya and Girshick, Ross and He, Kaiming and Doll{\'a}r, Piotr},
  journal={arXiv preprint arXiv:1708.02002},
  year={2017}
}

@inproceedings{sapp2013modec,
  title={Modec: Multimodal decomposable models for human pose estimation},
  author={Sapp, Ben and Taskar, Ben},
  booktitle={Proceedings of the IEEE Conference on Computer Vision and Pattern Recognition},
  pages={3674--3681},
  year={2013}
}

@article{johnson2010clustered,
  title={Clustered pose and nonlinear appearance models for human pose estimation},
  author={Johnson, Sam and Everingham, Mark},
  year={2010}
}

@inproceedings{krizhevsky2012imagenet,
  title={Imagenet classification with deep convolutional neural networks},
  author={Krizhevsky, Alex and Sutskever, Ilya and Hinton, Geoffrey E},
  booktitle={Advances in neural information processing systems},
  pages={1097--1105},
  year={2012}
}

@misc{pascal-voc-2007,
	author = "Everingham, M. and Van~Gool, L. and Williams, C. K. I. and Winn, J. and Zisserman, A.",
	title = "The {PASCAL} {V}isual {O}bject {C}lasses {C}hallenge 2007 {(VOC2007)} {R}esults",
	howpublished = "http://www.pascal-network.org/challenges/VOC/voc2007/workshop/index.html"}
	
@inproceedings{he2016deep,
  title={Deep residual learning for image recognition},
  author={He, Kaiming and Zhang, Xiangyu and Ren, Shaoqing and Sun, Jian},
  booktitle={Proceedings of the IEEE conference on computer vision and pattern recognition},
  pages={770--778},
  year={2016}
}	

@inproceedings{szegedy2016rethinking,
  title={Rethinking the inception architecture for computer vision},
  author={Szegedy, Christian and Vanhoucke, Vincent and Ioffe, Sergey and Shlens, Jon and Wojna, Zbigniew},
  booktitle={Proceedings of the IEEE Conference on Computer Vision and Pattern Recognition},
  pages={2818--2826},
  year={2016}
}

@electronic{ilsvrc2017website,
  title         = "Large Scale Visual Recognition Challenge 2017",
  url           = "http://image-net.org/challenges/LSVRC/2017/results",
  year          = "2017"

}
-------------------------------------------------
