
IEEEexample.bib 
V1.12 (2007/01/11)
Copyright (c) 2002-2007 by Michael Shell
See: http://www.michaelshell.org/
for current contact information.

This is an example BibTeX database for the official IEEEtran.bst
BibTeX style file.

Some entries call strings that are defined in the IEEEabrv.bib file.
Therefore, IEEEabrv.bib should be loaded prior to this file. 
Usage: 

\bibliographystyle{./IEEEtran}
\bibliography{./IEEEabrv,./IEEEexample}


Support sites:
http://www.michaelshell.org/tex/ieeetran/
http://www.ctan.org/tex-archive/macros/latex/contrib/IEEEtran/
and/or
http://www.ieee.org/

*************************************************************************
Legal Notice:
This code is offered as-is without any warranty either expressed or
implied; without even the implied warranty of MERCHANTABILITY or
FITNESS FOR A PARTICULAR PURPOSE! 
User assumes all risk.
In no event shall IEEE or any contributor to this code be liable for
any damages or losses, including, but not limited to, incidental,
consequential, or any other damages, resulting from the use or misuse
of any information contained here.

All comments are the opinions of their respective authors and are not
necessarily endorsed by the IEEE.

This work is distributed under the LaTeX Project Public License (LPPL)
( http://www.latex-project.org/ ) version 1.3, and may be freely used,
distributed and modified. A copy of the LPPL, version 1.3, is included
in the base LaTeX documentation of all distributions of LaTeX released
2003/12/01 or later.
Retain all contribution notices and credits.
** Modified files should be clearly indicated as such, including  **
** renaming them and changing author support contact information. **

File list of work: IEEEabrv.bib, IEEEfull.bib, IEEEexample.bib,
                   IEEEtran.bst, IEEEtranS.bst, IEEEtranSA.bst,
                   IEEEtranN.bst, IEEEtranSN.bst, IEEEtran_bst_HOWTO.pdf
*************************************************************************


Note that, because the example references were taken from actual IEEE
publications, these examples do not always contain the full amount
of information that may be desirable (for use with other BibTeX styles).
In particular, full names (not abbreviated with initials) should be
entered whenever possible as some (non-IEEE) bibliography styles use
full names. IEEEtran.bst will automatically abbreviate when it encounters
full names.
 
 
 
 
 
 
@inproceedings{krizhevsky2012imagenet,
  title={Imagenet classification with deep convolutional neural networks},
  author={Krizhevsky, Alex and Sutskever, Ilya and Hinton, Geoffrey E},
  booktitle={Advances in neural information processing systems},
  pages={1097--1105},
  year={2012}
}
@article{simonyan2014very,
  title={Very deep convolutional networks for large-scale image recognition},
  author={Simonyan, Karen and Zisserman, Andrew},
  journal={arXiv preprint arXiv:1409.1556},
  year={2014}
}
@inproceedings{provost2000machine,
  title={Machine learning from imbalanced data sets 101},
  author={Provost, Foster}
}
@article{azimi2018towards,
  title={Towards Multi-class Object Detection in Unconstrained Remote Sensing Imagery},
  author={Azimi, Seyed Majid and Vig, Eleonora and Bahmanyar, Reza and K{\"o}rner, Marco and Reinartz, Peter},
  journal={arXiv preprint arXiv:1807.02700},
  year={2018}
}
@article{li2018r,
  title={R $\^{} 3$-Net: A Deep Network for Multi-oriented Vehicle Detection in Aerial Images and Videos},
  author={Li, Qingpeng and Mou, Lichao and Xu, Qizhi and Zhang, Yun and Zhu, Xiao Xiang},
  journal={arXiv preprint arXiv:1808.05560},
  year={2018}
}
@article{li2018multiscale,
  title={Multiscale Rotated Bounding Box-Based Deep Learning Method for Detecting Ship Targets in Remote Sensing Images},
  author={Li, Shuxin and Zhang, Zhilong and Li, Biao and Li, Chuwei},
  journal={Sensors},
  volume={18},
  number={8},
  pages={2702},
  year={2018},
  publisher={Multidisciplinary Digital Publishing Institute}
}
@inproceedings{he2016deep,
  title={Deep residual learning for image recognition},
  author={He, Kaiming and Zhang, Xiangyu and Ren, Shaoqing and Sun, Jian},
  booktitle={Proceedings of the IEEE conference on computer vision and pattern recognition},
  pages={770--778},
  year={2016}
}
@inproceedings{xia2018dota,
  title={DOTA: A large-scale dataset for object detection in aerial images},
  author={Xia, Gui-Song and Bai, Xiang and Ding, Jian and Zhu, Zhen and Belongie, Serge and Luo, Jiebo and Datcu, Mihai and Pelillo, Marcello and Zhang, Liangpei},
  booktitle={Proc. CVPR},
  year={2018}
}
@inproceedings{girshick2014rich,
  title={Rich feature hierarchies for accurate object detection and semantic segmentation},
  author={Girshick, Ross and Donahue, Jeff and Darrell, Trevor and Malik, Jitendra},
  booktitle={Proceedings of the IEEE conference on computer vision and pattern recognition},
  pages={580--587},
  year={2014}
}
@inproceedings{shrivastava2016training,
  title={Training region-based object detectors with online hard example mining},
  author={Shrivastava, Abhinav and Gupta, Abhinav and Girshick, Ross},
  booktitle={Proceedings of the IEEE Conference on Computer Vision and Pattern Recognition},
  pages={761--769},
  year={2016}
}
@article{dong2017class,
  title={Class rectification hard mining for imbalanced deep learning},
  author={Dong, Qi and Gong, Shaogang and Zhu, Xiatian},
  year={2017},
  publisher={IEEE}
}
@inproceedings{ren2015faster,
  title={Faster r-cnn: Towards real-time object detection with region proposal networks},
  author={Ren, Shaoqing and He, Kaiming and Girshick, Ross and Sun, Jian},
  booktitle={Advances in neural information processing systems},
  pages={91--99},
  year={2015}
}
@article{redmon2018yolov3,
  title={Yolov3: An incremental improvement},
  author={Redmon, Joseph and Farhadi, Ali},
  journal={arXiv preprint arXiv:1804.02767},
  year={2018}
}
@inproceedings{he2017mask,
  title={Mask r-cnn},
  author={He, Kaiming and Gkioxari, Georgia and Doll{\'a}r, Piotr and Girshick, Ross},
  booktitle={Computer Vision (ICCV), 2017 IEEE International Conference on},
  pages={2980--2988},
  year={2017},
  organization={IEEE}
}
@inproceedings{girshick2015fast,
  title={Fast r-cnn},
  author={Girshick, Ross},
  booktitle={Proceedings of the IEEE international conference on computer vision},
  pages={1440--1448},
  year={2015}
}
@inproceedings{bodla2017soft,
  title={Soft-nmsâ€”improving object detection with one line of code},
  author={Bodla, Navaneeth and Singh, Bharat and Chellappa, Rama and Davis, Larry S},
  booktitle={Computer Vision (ICCV), 2017 IEEE International Conference on},
  pages={5562--5570},
  year={2017},
  organization={IEEE}
}
@inproceedings{yang2016wider,
  title={Wider face: A face detection benchmark},
  author={Yang, Shuo and Luo, Ping and Loy, Chen-Change and Tang, Xiaoou},
  booktitle={Proceedings of the IEEE conference on computer vision and pattern recognition},
  pages={5525--5533},
  year={2016}
}
@inproceedings{zitnick2014edge,
  title={Edge boxes: Locating object proposals from edges},
  author={Zitnick, C Lawrence and Doll{\'a}r, Piotr},
  booktitle={European conference on computer vision},
  pages={391--405},
  year={2014},
  organization={Springer}
}
@inproceedings{girshick2015fast,
  title={Fast r-cnn},
  author={Girshick, Ross},
  booktitle={Proceedings of the IEEE international conference on computer vision},
  pages={1440--1448},
  year={2015}
}
@article{everingham2010pascal,
  title={The pascal visual object classes (voc) challenge},
  author={Everingham, Mark and Van Gool, Luc and Williams, Christopher KI and Winn, John and Zisserman, Andrew},
  journal={International journal of computer vision},
  volume={88},
  number={2},
  pages={303--338},
  year={2010},
  publisher={Springer}
}
@inproceedings{lin2014microsoft,
  title={Microsoft coco: Common objects in context},
  author={Lin, Tsung-Yi and Maire, Michael and Belongie, Serge and Hays, James and Perona, Pietro and Ramanan, Deva and Doll{\'a}r, Piotr and Zitnick, C Lawrence},
  booktitle={European conference on computer vision},
  pages={740--755},
  year={2014},
  organization={Springer}
}
@inproceedings{lin2017feature,
  title={Feature Pyramid Networks for Object Detection.},
  author={Lin, Tsung-Yi and Doll{\'a}r, Piotr and Girshick, Ross B and He, Kaiming and Hariharan, Bharath and Belongie, Serge J},
  booktitle={CVPR},
  volume={1},
  number={2},
  pages={3},
  year={2017}
}
@article{lin2017focal,
  title={Focal loss for dense object detection},
  author={Lin, Tsung-Yi and Goyal, Priya and Girshick, Ross and He, Kaiming and Doll{\'a}r, Piotr},
  journal={arXiv preprint arXiv:1708.02002},
  year={2017}
}
@article{yang2018automatic,
  title={Automatic ship detection in remote sensing images from google earth of complex scenes based on multiscale rotation dense feature pyramid networks},
  author={Yang, Xue and Sun, Hao and Fu, Kun and Yang, Jirui and Sun, Xian and Yan, Menglong and Guo, Zhi},
  journal={Remote Sensing},
  volume={10},
  number={1},
  pages={132},
  year={2018},
  publisher={Multidisciplinary Digital Publishing Institute}
}
@inproceedings{sommer2017deep,
  title={Deep learning based multi-category object detection in aerial images},
  author={Sommer, Lars W and Schuchert, Tobias and Beyerer, J{\"u}rgen},
  booktitle={Automatic Target Recognition XXVII},
  volume={10202},
  pages={1020209},
  year={2017},
  organization={International Society for Optics and Photonics}
}
@article{tang2017vehicle,
  title={Vehicle detection in aerial images based on region convolutional neural networks and hard negative example mining},
  author={Tang, Tianyu and Zhou, Shilin and Deng, Zhipeng and Zou, Huanxin and Lei, Lin},
  journal={Sensors},
  volume={17},
  number={2},
  pages={336},
  year={2017},
  publisher={Multidisciplinary Digital Publishing Institute}
}
@inproceedings{liu2016ssd,
  title={Ssd: Single shot multibox detector},
  author={Liu, Wei and Anguelov, Dragomir and Erhan, Dumitru and Szegedy, Christian and Reed, Scott and Fu, Cheng-Yang and Berg, Alexander C},
  booktitle={European conference on computer vision},
  pages={21--37},
  year={2016},
  organization={Springer}
}
@article{redmon2017yolo9000,
  title={YOLO9000: better, faster, stronger},
  author={Redmon, Joseph and Farhadi, Ali},
  journal={arXiv preprint},
  year={2017}
}
@inproceedings{dai2016r,
  title={R-fcn: Object detection via region-based fully convolutional networks},
  author={Dai, Jifeng and Li, Yi and He, Kaiming and Sun, Jian},
  booktitle={Advances in neural information processing systems},
  pages={379--387},
  year={2016}
}
@article{dai2017deformable,
  title={Deformable convolutional networks},
  author={Dai, Jifeng and Qi, Haozhi and Xiong, Yuwen and Li, Yi and Zhang, Guodong and Hu, Han and Wei, Yichen},
  journal={CoRR, abs/1703.06211},
  volume={1},
  number={2},
  pages={3},
  year={2017}
}
@inproceedings{deng2009imagenet,
  title={Imagenet: A large-scale hierarchical image database},
  author={Deng, Jia and Dong, Wei and Socher, Richard and Li, Li-Jia and Li, Kai and Fei-Fei, Li},
  booktitle={Computer Vision and Pattern Recognition, 2009. CVPR 2009. IEEE Conference on},
  pages={248--255},
  year={2009},
  organization={Ieee}
}
@inproceedings{shrivastava2016training,
  title={Training region-based object detectors with online hard example mining},
  author={Shrivastava, Abhinav and Gupta, Abhinav and Girshick, Ross},
  booktitle={Proceedings of the IEEE Conference on Computer Vision and Pattern Recognition},
  pages={761--769},
  year={2016}
}
@inproceedings{bernstein2017using,
  title={Using deep learning for alcohol consumption recognition},
  author={Bernstein, Joseph P and Mendez, Brandon J and Sun, Peng and Liu, Yang and Shang, Yi},
  booktitle={Consumer Communications \& Networking Conference (CCNC), 2017 14th IEEE Annual},
  pages={1020--1021},
  year={2017},
  organization={IEEE}
}
@inproceedings{sun2016ada,
  title={ADA-Automatic Detection of Alcohol Usage for Mobile Ambulatory Assessment},
  author={Sun, Peng and Wergeles, Nicholas M and Zhang, Chen and Guerdan, Luke M and Trull, Timothy and Shang, Yi},
  booktitle={Smart Computing (SMARTCOMP), 2016 IEEE International Conference on},
  pages={1--5},
  year={2016},
  organization={IEEE}
}
@inproceedings{liu2018performance,
  title={Performance Comparison of Deep Learning Techniques for Recognizing Birds in Aerial Images},
  author={Liu, Yang and Sun, Peng and Highsmith, Max R and Wergeles, Nickolas M and Sartwell, Joel and Raedeke, Andy and Mitchell, Mary and Hagy, Heath and Gilbert, Andrew D and Lubinski, Brian and others},
  booktitle={2018 IEEE Third International Conference on Data Science in Cyberspace (DSC)},
  pages={317--324},
  year={2018},
  organization={IEEE}
}
@inproceedings{chen2017automatic,
  title={Automatic Fish Classification System Using Deep Learning},
  author={Chen, Guang and Sun, Peng and Shang, Yi},
  booktitle={Tools with Artificial Intelligence (ICTAI), 2017 IEEE 29th International Conference on},
  pages={24--29},
  year={2017},
  organization={IEEE}
}
@article{sermanet2013overfeat,
  title={Overfeat: Integrated recognition, localization and detection using convolutional networks},
  author={Sermanet, Pierre and Eigen, David and Zhang, Xiang and Mathieu, Micha{\"e}l and Fergus, Rob and LeCun, Yann},
  journal={arXiv preprint arXiv:1312.6229},
  year={2013}
}
-------------------------------------------------
